<?xml version="1.0" encoding="UTF-8"?><record xmlns="http://www.loc.gov/MARC21/slim" xmlns:cinclude="http://apache.org/cocoon/include/1.0" xmlns:zs="http://www.loc.gov/zing/srw/">
  <leader>01136cz  a2200277n  4500</leader>
  <controlfield tag="001">n  85143642 </controlfield>
  <controlfield tag="003">DLC</controlfield>
  <controlfield tag="005">20130319163418.0</controlfield>
  <controlfield tag="008">851125n| azannaabn          |b aaa     c</controlfield>
  <datafield tag="010" ind1=" " ind2=" ">
    <subfield code="a">n  85143642 </subfield>
  </datafield>
  <datafield tag="035" ind1=" " ind2=" ">
    <subfield code="a">(OCoLC)oca01499462</subfield>
  </datafield>
  <datafield tag="040" ind1=" " ind2=" ">
    <subfield code="a">InU</subfield>
    <subfield code="b">eng</subfield>
    <subfield code="e">rda</subfield>
    <subfield code="c">DLC</subfield>
    <subfield code="d">Uk</subfield>
    <subfield code="d">OCoLC</subfield>
    <subfield code="d">ItFiC</subfield>
    <subfield code="d">DLC</subfield>
  </datafield>
  <datafield tag="046" ind1=" " ind2=" ">
    <subfield code="f">1476</subfield>
    <subfield code="g">1559</subfield>
  </datafield>
  <datafield tag="100" ind1="0" ind2=" ">
    <subfield code="a">Paul</subfield>
    <subfield code="b">IV,</subfield>
    <subfield code="c">Pope,</subfield>
    <subfield code="d">1476-1559</subfield>
  </datafield>
  <datafield tag="400" ind1="1" ind2=" ">
    <subfield code="a">Carafa, Gian Pietro,</subfield>
    <subfield code="d">1476-1559</subfield>
  </datafield>
  <datafield tag="400" ind1="0" ind2=" ">
    <subfield code="a">Paolo</subfield>
    <subfield code="b">IV,</subfield>
    <subfield code="c">Pope,</subfield>
    <subfield code="d">1476-1559</subfield>
  </datafield>
  <datafield tag="400" ind1="0" ind2=" ">
    <subfield code="a">Paulo</subfield>
    <subfield code="b">IV,</subfield>
    <subfield code="c">Pope,</subfield>
    <subfield code="d">1476-1559</subfield>
  </datafield>
  <datafield tag="400" ind1="0" ind2=" ">
    <subfield code="w">nna</subfield>
    <subfield code="a">Paulus</subfield>
    <subfield code="b">IV,</subfield>
    <subfield code="c">Pope,</subfield>
    <subfield code="d">1476-1559</subfield>
  </datafield>
  <datafield tag="400" ind1="0" ind2=" ">
    <subfield code="a">פאולוס</subfield>
    <subfield code="b">IV,</subfield>
    <subfield code="c">אפיפיור,</subfield>
    <subfield code="d">1476־1559</subfield>
  </datafield>
  <datafield tag="510" ind1="2" ind2=" ">
    <subfield code="a">Catholic Church.</subfield>
    <subfield code="b">Pope (1555-1559 : Paul IV)</subfield>
  </datafield>
  <datafield tag="667" ind1=" " ind2=" ">
    <subfield code="a">Machine-derived non-Latin script reference project.</subfield>
  </datafield>
  <datafield tag="667" ind1=" " ind2=" ">
    <subfield code="a">Non-Latin script reference not evaluated.</subfield>
  </datafield>
  <datafield tag="670" ind1=" " ind2=" ">
    <subfield code="a">Sarpi, P. The papacy of Paul the Fourth, 1673.</subfield>
  </datafield>
  <datafield tag="670" ind1=" " ind2=" ">
    <subfield code="a">Encyc. Brit.</subfield>
    <subfield code="b">(Paul IV; b. Gian Pietro Carafa 6/28/1476; d. 8/18/1559; pope from 1555-1559)</subfield>
  </datafield>
  <datafield tag="670" ind1=" " ind2=" ">
    <subfield code="a">LC data base, 10/9/85</subfield>
    <subfield code="b">(hdg.: Paulus IV, Pope, 1476-1559; variant: Paulo IV)</subfield>
  </datafield>
  <datafield tag="670" ind1=" " ind2=" ">
    <subfield code="a">Il papato di Paolo IV nella crisi politico-religiosa del Cinquecento, 2008</subfield>
  </datafield>
</record>